@book{white2012hadoop,
  title={Hadoop: The definitive guide},
  author={White, Tom},
  year={2012},
  publisher={"O'Reilly Media, Inc."}
}
@inproceedings{shvachko2010hadoop,
  title={{The Hadoop distributed file system}},
  author={Shvachko, Konstantin and Kuang, Hairong and Radia, Sanjay and Chansler, Robert},
  booktitle={Mass storage systems and technologies (MSST), 2010 IEEE 26th symposium on},
  pages={1--10},
  year={2010},
  organization={IEEE}
}
@inproceedings{thusoo2010hive,
  title={Hive-a petabyte scale data warehouse using hadoop},
  author={Thusoo, Ashish and Sarma, Joydeep Sen and Jain, Namit and Shao, Zheng and Chakka, Prasad and Zhang, Ning and Antony, Suresh and Liu, Hao and Murthy, Raghotham},
  booktitle={Data Engineering (ICDE), 2010 IEEE 26th International Conference on},
  pages={996--1005},
  year={2010},
  organization={IEEE}
}

@inproceedings{dong_expediting_2013,
  title = {Expediting Scientific Data Analysis with Reorganization of Data},
  timestamp = {2017-01-09T14:36:55Z},
  urldate = {2016-03-07},
  url = {http://ieeexplore.ieee.org/xpls/abs_all.jsp?arnumber=6702675},
  booktitle = {Cluster {{Computing}} ({{CLUSTER}}), 2013 {{IEEE International Conference}} on},
  publisher = {{IEEE}},
  author = {Dong, Bin and Byna, Surendra and Wu, Kesheng},
  year = {2013},
  pages = {1--8},
  file = {2013-Cluster2013-SDS.pdf:/home/pq/.mozilla/firefox/7yatqkvb.default/zotero/storage/3BVPA2QN/2013-Cluster2013-SDS.pdf:application/pdf;2013-Cluster2013-SDS.pdf:/home/pq/.mozilla/firefox/7yatqkvb.default/zotero/storage/VFSJ8KJ2/2013-Cluster2013-SDS.pdf:application/pdf}
}

@inproceedings{goodell_evolutionary_2012,
  title = {An Evolutionary Path to Object Storage Access},
  timestamp = {2017-01-09T14:37:35Z},
  urldate = {2016-03-07},
  url = {http://ieeexplore.ieee.org/xpls/abs_all.jsp?arnumber=6495799},
  booktitle = {High {{Performance Computing}}, {{Networking}}, {{Storage}} and {{Analysis}} ({{SCC}}), 2012 {{SC Companion}}:},
  publisher = {{IEEE}},
  author = {Goodell, David and Kim, Seong Jo and Latham, Rob and Kandemir, Mahmut and Ross, Robert},
  year = {2012},
  pages = {36--41},
  file = {An Evolutionary Path to Object Storage Access.pdf:/home/pq/.mozilla/firefox/7yatqkvb.default/zotero/storage/25326QTG/An Evolutionary Path to Object Storage Access.pdf:application/pdf;An Evolutionary Path to Object Storage Access.pdf:/home/pq/.mozilla/firefox/7yatqkvb.default/zotero/storage/W9GSB5CW/An Evolutionary Path to Object Storage Access.pdf:application/pdf}
}

@inproceedings{mehta_plugin_2012,
  title = {A Plugin for {{HDF5}} Using {{PLFS}} for Improved {{I}}/{{O}} Performance and Semantic Analysis},
  timestamp = {2017-01-09T14:37:27Z},
  urldate = {2016-03-07},
  url = {http://ieeexplore.ieee.org/xpls/abs_all.jsp?arnumber=6495884},
  booktitle = {High {{Performance Computing}}, {{Networking}}, {{Storage}} and {{Analysis}} ({{SCC}}), 2012 {{SC Companion}}:},
  publisher = {{IEEE}},
  author = {Mehta, Karan and Bent, John and Torres, Abel and Grider, Gary and Gabriel, Edgar},
  year = {2012},
  pages = {746--752},
  file = {mehta_discs12.pdf:/home/pq/.mozilla/firefox/7yatqkvb.default/zotero/storage/STJC4AEF/mehta_discs12.pdf:application/pdf;mehta_discs12.pdf:/home/pq/.mozilla/firefox/7yatqkvb.default/zotero/storage/X4796MSX/mehta_discs12.pdf:application/pdf}
}

@inproceedings{kaur_survey_2015,
  title = {A Survey on {{Big Data}} Storage Strategies},
  timestamp = {2017-01-09T14:37:21Z},
  urldate = {2016-08-15},
  url = {http://ieeexplore.ieee.org/xpls/abs_all.jsp?arnumber=7380473},
  booktitle = {Green {{Computing}} and {{Internet}} of {{Things}} ({{ICGCIoT}}), 2015 {{International Conference}} on},
  publisher = {{IEEE}},
  author = {Kaur, Pankaj Deep and {others}},
  year = {2015},
  pages = {280--284},
  file = {07380473.pdf:/home/pq/.mozilla/firefox/7yatqkvb.default/zotero/storage/63U638D4/07380473.pdf:application/pdf;07380473.pdf:/home/pq/.mozilla/firefox/7yatqkvb.default/zotero/storage/ZV8ZQP9D/07380473.pdf:application/pdf}
}

@article{overpeck_climate_2011,
  title = {Climate Data Challenges in the 21st Century},
  volume = {331},
  timestamp = {2016-10-12T12:17:30Z},
  number = {6018},
  urldate = {2016-09-01},
  url = {http://science.sciencemag.org/content/331/6018/700.short},
  journal = {science},
  author = {Overpeck, Jonathan T. and Meehl, Gerald A. and Bony, Sandrine and Easterling, David R.},
  year = {2011},
  pages = {700--702},
  file = {700.full.pdf:/home/pq/.mozilla/firefox/7yatqkvb.default/zotero/storage/83UA86ZR/700.full.pdf:application/pdf;Overpeck et al_2011_Climate Data Challenges in the 21st Century.pdf:/home/pq/.mozilla/firefox/7yatqkvb.default/zotero/storage/DD68KC8H/Overpeck et al_2011_Climate Data Challenges in the 21st Century.pdf:application/pdf;Snapshot:/home/pq/.mozilla/firefox/7yatqkvb.default/zotero/storage/BBUBZ67X/700.full.html:text/html}
}

@misc{anl_training_introduction_2016,
  title = {An {{Introduction}} to {{Parallel Supercomputing}} | {{Pete Beckman}}, {{Argonne National Laboratory}}},
  abstract = {Presented at the Argonne Training Program on Extreme-Scale Computing, Summer 2016.

Slides for this presentation are available here: http://extremecomputingtraining.anl.g...

For more information on the Argonne Training Program on Extreme-Scale Computing, visit: http://extremecomputingtraining.anl.gov/},
  timestamp = {2016-10-12T12:40:27Z},
  urldate = {2016-10-12},
  url = {https://www.youtube.com/watch?time_continue=200\&v=QZNE5mw72JA},
  author = {{ANL Training}},
  month = aug,
  year = {2016},
  keywords = {2016 ATPESC,ALCF,ANL,Argonne Leadership Computing Facility,Argonne National Laboratory,Argonne Training Program on Extreme-Scale Computing,ATPESC,Department of Energy National Laboratories,DOE LCF,DOE leadership computing,exascale computing,high-performance computing,hpc,leadership-class computing,pete beckman,scientific computing,supercomputing},
  file = {Beckman_830aug1_IntroParallelComputing.pdf:/home/pq/.mozilla/firefox/7yatqkvb.default/zotero/storage/J5IQH8B7/Beckman_830aug1_IntroParallelComputing.pdf:application/pdf}
}

@techreport{ipcc_ipcc_2010,
  title = {{{IPCC Fourth Assessment Report}}},
  timestamp = {2016-10-14T09:18:43Z},
  urldate = {2016-10-14},
  url = {http://www.ipcc.ch/report/ar4/},
  institution = {Intergovernmental Panel on Climate Change},
  author = {{IPCC}},
  year = {2010},
  file = {IPCC Fourth Assessment Report:/home/pq/.mozilla/firefox/7yatqkvb.default/zotero/storage/JVNSU4D4/ar4.html:text/html}
}

@techreport{ipcc_ipcc_2013,
  title = {{{IPCC Fifth Assessment Report}}},
  timestamp = {2016-10-14T09:19:04Z},
  urldate = {2016-10-14},
  url = {http://www.ipcc.ch/report/ar5/},
  institution = {Intergovernmental Panel on Climate Change},
  author = {{IPCC}},
  year = {2013},
  file = {IPCC Fifth Assessment Report:/home/pq/.mozilla/firefox/7yatqkvb.default/zotero/storage/93CRKDAU/ar5.html:text/html}
}

@inproceedings{howison_tuning_2012,
  title = {Tuning hdf5 for Lustre File Systems},
  timestamp = {2017-01-04T11:45:32Z},
  urldate = {2016-10-14},
  url = {https://escholarship.org/uc/item/46r9d86r.pdf},
  booktitle = {Workshop on {{Interfaces}} and {{Abstractions}} for {{Scientific Data Storage}} ({{IASDS10}}),, {{Heraklion}}, {{Crete}}, {{Greece}}, {{September}} 24, 2010},
  author = {Howison, Mark},
  year = {2012},
  file = {howison_hdf5_lustre_iasds2010.pdf:/home/pq/.mozilla/firefox/7yatqkvb.default/zotero/storage/FVSA3XDU/howison_hdf5_lustre_iasds2010.pdf:application/pdf;howison_hdf5_lustre_iasds2010.pdf:/home/pq/.mozilla/firefox/7yatqkvb.default/zotero/storage/3DE2SSVV/howison_hdf5_lustre_iasds2010.html:text/html}
}

@misc{intel_fast_2014,
  title = {Fast {{Forward Storage}} and {{I}}/{{O}} - {{Final Report}}},
  timestamp = {2016-10-31T10:25:05Z},
  author = {{Intel} and {The HDF Group} and {EMC} and {Cray}},
  month = jun,
  year = {2014},
  file = {M8.5 FF-Storage Final Report v3.pdf:/home/pq/.mozilla/firefox/7yatqkvb.default/zotero/storage/A5Q57QMG/M8.5 FF-Storage Final Report v3.pdf:application/pdf}
}

@article{prabhat_exahdf5:_????,
  title = {{{ExaHDF5}}: {{An I}}/{{O Platform}} for {{Exascale Data Models}}, {{Analysis}} and {{Performance}}},
  shorttitle = {{{ExaHDF5}}},
  timestamp = {2016-12-21T13:43:49Z},
  urldate = {2016-12-21},
  url = {http://crd.lbl.gov/assets/pubs_presos/Prabhat.pdf},
  journal = {SciDAC 2011},
  author = {Prabhat, Quincey Koziol and Schuchardt, Karen and Bethel, E. Wes and Chuo, Jerry and Howison, Mark and McGreevy, Mike and Palmer, Bruce and Ruebel, Oliver and Wu, Kesheng},
  file = {Prabhat.pdf:/home/pq/.mozilla/firefox/7yatqkvb.default/zotero/storage/VCJSIIFI/Prabhat.pdf:application/pdf}
}

@inproceedings{wickberg_ramdisk_2012,
  title = {The {{RAMDISK}} Storage Accelerator: A Method of Accelerating {{I}}/{{O}} Performance on {{HPC}} Systems Using {{RAMDISKs}}},
  shorttitle = {The {{RAMDISK}} Storage Accelerator},
  timestamp = {2016-12-21T13:44:43Z},
  urldate = {2016-12-21},
  url = {http://dl.acm.org/citation.cfm?id=2318922},
  booktitle = {Proceedings of the 2nd {{International Workshop}} on {{Runtime}} and {{Operating Systems}} for {{Supercomputers}}},
  publisher = {{ACM}},
  author = {Wickberg, Tim and Carothers, Christopher},
  year = {2012},
  pages = {5},
  file = {12-wickberg-ramdisks.pdf:/home/pq/.mozilla/firefox/7yatqkvb.default/zotero/storage/G9DCS782/12-wickberg-ramdisks.pdf:application/pdf}
}

@inproceedings{zaharia_resilient_2012,
  title = {Resilient Distributed Datasets: {{A}} Fault-Tolerant Abstraction for in-Memory Cluster Computing},
  shorttitle = {Resilient Distributed Datasets},
  timestamp = {2016-12-21T13:44:47Z},
  urldate = {2016-12-21},
  url = {http://dl.acm.org/citation.cfm?id=2228301},
  booktitle = {Proceedings of the 9th {{USENIX}} Conference on {{Networked Systems Design}} and {{Implementation}}},
  publisher = {{USENIX Association}},
  author = {Zaharia, Matei and Chowdhury, Mosharaf and Das, Tathagata and Dave, Ankur and Ma, Justin and McCauley, Murphy and Franklin, Michael J. and Shenker, Scott and Stoica, Ion},
  year = {2012},
  pages = {2--2},
  file = {12-zaharia-rrds.pdf:/home/pq/.mozilla/firefox/7yatqkvb.default/zotero/storage/M9J4APJ7/12-zaharia-rrds.pdf:application/pdf}
}

@inproceedings{wang_burstmem:_2014,
  title = {{{BurstMem}}: {{A}} High-Performance Burst Buffer System for Scientific Applications},
  shorttitle = {{{BurstMem}}},
  timestamp = {2016-12-21T13:44:50Z},
  urldate = {2016-12-21},
  url = {http://ieeexplore.ieee.org/xpls/abs_all.jsp?arnumber=7004215},
  booktitle = {Big {{Data}} ({{Big Data}}), 2014 {{IEEE International Conference}} on},
  publisher = {{IEEE}},
  author = {Wang, Teng and Oral, Sarp and Wang, Yandong and Settlemyer, Brad and Atchley, Scott and Yu, Weikuan},
  year = {2014},
  pages = {71--79},
  file = {14-yu-burst-mem.pdf:/home/pq/.mozilla/firefox/7yatqkvb.default/zotero/storage/48I7NXX9/14-yu-burst-mem.pdf:application/pdf}
}

@article{zhang_-memory_2015,
  title = {In-{{Memory Big Data Management}} and {{Processing}}: {{A Survey}}},
  volume = {27},
  issn = {1041-4347},
  shorttitle = {In-{{Memory Big Data Management}} and {{Processing}}},
  doi = {10.1109/TKDE.2015.2427795},
  timestamp = {2016-12-21T13:44:53Z},
  number = {7},
  urldate = {2016-12-21},
  url = {http://ieeexplore.ieee.org/document/7097722/},
  journal = {IEEE Transactions on Knowledge and Data Engineering},
  author = {Zhang, Hao and Chen, Gang and Ooi, Beng Chin and Tan, Kian-Lee and Zhang, Meihui},
  month = jul,
  year = {2015},
  pages = {1920--1948},
  file = {15-in-memory-storage.pdf:/home/pq/.mozilla/firefox/7yatqkvb.default/zotero/storage/I2EWQBSQ/15-in-memory-storage.pdf:application/pdf}
}

@article{romanus_challenges_2015,
  title = {Challenges and Considerations for Utilizing Burst Buffers in High-Performance Computing},
  timestamp = {2016-12-21T13:44:56Z},
  urldate = {2016-12-21},
  url = {http://arxiv.org/abs/1509.05492},
  journal = {arXiv preprint arXiv:1509.05492},
  author = {Romanus, Melissa and Parashar, Manish and Ross, Robert B.},
  year = {2015},
  file = {15-romanus-challenges-burst-buffers.pdf:/home/pq/.mozilla/firefox/7yatqkvb.default/zotero/storage/QA3IVVRH/15-romanus-challenges-burst-buffers.pdf:application/pdf}
}

@article{thapaliya_bballoc:_????,
  title = {{{BBAlloc}}: {{Towards Allocation}} Based {{Management}} of {{Burst Buffer Systems}}},
  shorttitle = {{{BBAlloc}}},
  timestamp = {2016-12-21T13:44:59Z},
  urldate = {2016-12-21},
  url = {http://www.pdsw.org/pdsw15/wips/wip-thapaliya.pdf},
  author = {Thapaliya, Sagar and Bangalore, Purushotham and Lofstead, Jay and Mohror, Kathryn and Moody, Adam},
  file = {15-thapaliya-wip-managing-burst-buffers.pdf:/home/pq/.mozilla/firefox/7yatqkvb.default/zotero/storage/2GUA96IA/15-thapaliya-wip-managing-burst-buffers.pdf:application/pdf}
}

@inproceedings{wang_burstfs:_2015,
  title = {{{BurstFS}}: {{A Distributed Burst Buffer File System}} for {{Scientific Applications}}},
  shorttitle = {{{BurstFS}}},
  timestamp = {2016-12-21T13:45:04Z},
  urldate = {2016-12-21},
  url = {http://sc15.supercomputing.org/sites/all/themes/SC15images/tech_poster/poster_files/post244s2-file3.pdf},
  booktitle = {The {{International Conference}} for {{High Performance Computing}}, {{Networking}}, {{Storage}} and {{Analysis}} ({{SC}})},
  author = {Wang, Teng and Mohror, Kathryn and Moody, Adam and Yu, Weikuan and Sato, Kento},
  year = {2015},
  file = {15-wang-burst-fs.pdf:/home/pq/.mozilla/firefox/7yatqkvb.default/zotero/storage/7DVKFSFK/15-wang-burst-fs.pdf:application/pdf}
}

@article{sapegin_evaluation_2016,
  title = {Evaluation of in-Memory Storage Engine for Machine Learning Analysis of Security Events: {{EVALUATION OF IN}}-{{MEMORY STORAGE ENGINE FOR MACHINE SECURITY ANALYTICS}}},
  issn = {15320626},
  shorttitle = {Evaluation of in-Memory Storage Engine for Machine Learning Analysis of Security Events},
  doi = {10.1002/cpe.3800},
  language = {en},
  timestamp = {2016-12-21T13:45:07Z},
  urldate = {2016-12-21},
  url = {http://doi.wiley.com/10.1002/cpe.3800},
  journal = {Concurrency and Computation: Practice and Experience},
  author = {Sapegin, Andrey and Gawron, Marian and Jaeger, David and Cheng, Feng and Meinel, Christoph},
  year = {2016},
  pages = {n/a--n/a},
  file = {16-in-memory-storage-machine-learning.pdf:/home/pq/.mozilla/firefox/7yatqkvb.default/zotero/storage/MTF3QHC2/16-in-memory-storage-machine-learning.pdf:application/pdf}
}

@inproceedings{dong_sds:_2013,
  title = {{{SDS}}: A Framework for Scientific Data Services},
  isbn = {978-1-4503-2505-9},
  shorttitle = {{{SDS}}},
  doi = {10.1145/2538542.2538563},
  language = {en},
  timestamp = {2016-12-21T13:45:11Z},
  urldate = {2016-12-21},
  url = {http://dl.acm.org/citation.cfm?doid=2538542.2538563},
  publisher = {{ACM Press}},
  author = {Dong, Bin and Byna, Surendra and Wu, Kesheng},
  year = {2013},
  pages = {27--32},
  file = {2013-PDSW2013-SDS.pdf:/home/pq/.mozilla/firefox/7yatqkvb.default/zotero/storage/D3ENNPDR/2013-PDSW2013-SDS.pdf:application/pdf}
}

@inproceedings{Bent:2009:PCF:1654059.1654081,
 author = {Bent, John and Gibson, Garth and Grider, Gary and McClelland, Ben and Nowoczynski, Paul and Nunez, James and Polte, Milo and Wingate, Meghan},
 title = {PLFS: A Checkpoint Filesystem for Parallel Applications},
 booktitle = {Proceedings of the Conference on High Performance Computing Networking, Storage and Analysis},
 series = {SC '09'},
 year = {2009},
 isbn = {978-1-60558-744-8},
 location = {Portland, Oregon},
 pages = {21:1--21:12},
 articleno = {21},
 numpages = {12},
 url = {http://doi.acm.org/10.1145/1654059.1654081},
 doi = {10.1145/1654059.1654081},
 acmid = {1654081},
 publisher = {ACM},
 address = {New York, NY, USA},
 keywords = {check-pointing, high performance computing, parallel computing, parallel file systems and IO},
} 

@inproceedings{Moody:2010:DME:1884643.1884666,
 author = {Moody, Adam and Bronevetsky, Greg and Mohror, Kathryn and Supinski, Bronis R.  de},
 title = {Design, Modeling, and Evaluation of a Scalable Multi-level Checkpointing System},
 booktitle = {Proceedings of the 2010 ACM/IEEE International Conference for High Performance Computing, Networking, Storage and Analysis},
 series = {SC '10'},
 year = {2010},
 isbn = {978-1-4244-7559-9},
 pages = {1--11},
 numpages = {11},
 url = {https://doi.org/10.1109/SC.2010.18},
 doi = {10.1109/SC.2010.18},
 acmid = {1884666},
 publisher = {IEEE Computer Society},
 address = {Washington, DC, USA},
} 

@article{koziol_technical_????,
  title = {Technical {{Highlights}} from the {{ExaHDF5}} Project},
  timestamp = {2016-12-21T13:47:00Z},
  urldate = {2016-12-21},
  url = {https://publications.lbl.gov/islandora/object/ir\%3A158399/datastream/PDF/download/citation.pdf},
  author = {Koziol, Quincey and Schuchardt, Karen},
  file = {Microsoft Word - ExaHDF5-2012.doc - http_www.osti.gov_scitech_servlets_purl_1196785_.pdf:/home/pq/.mozilla/firefox/7yatqkvb.default/zotero/storage/M562NTHJ/Microsoft Word - ExaHDF5-2012.doc - http_www.osti.gov_scitech_servlets_purl_1196785_.pdf:application/pdf}
}

@inproceedings{sato_user-level_2014,
  title = {A {{User}}-{{Level InfiniBand}}-{{Based File System}} and {{Checkpoint Strategy}} for {{Burst Buffers}}},
  isbn = {978-1-4799-2784-5},
  doi = {10.1109/CCGrid.2014.24},
  timestamp = {2016-12-21T13:47:04Z},
  urldate = {2016-12-21},
  url = {http://ieeexplore.ieee.org/document/6846437/},
  publisher = {{IEEE}},
  author = {Sato, Kento and Mohror, Kathryn and Moody, Adam and Gamblin, Todd and de Supinski, Bronis R. and Maruyama, Naoya and Matsuoka, Satoshi},
  month = may,
  year = {2014},
  pages = {21--30},
  file = {satoh14-user-level-burst-buffers-resilience.pdf:/home/pq/.mozilla/firefox/7yatqkvb.default/zotero/storage/2AQUTH3H/satoh14-user-level-burst-buffers-resilience.pdf:application/pdf}
}

@article{huang_fast_2014,
  title = {A Fast Input/Output Library for High-Resolution Climate Models},
  volume = {7},
  issn = {1991-9603},
  doi = {10.5194/gmd-7-93-2014},
  language = {en},
  timestamp = {2016-12-21T13:47:09Z},
  number = {1},
  urldate = {2016-12-21},
  url = {http://www.geosci-model-dev.net/7/93/2014/},
  journal = {Geoscientific Model Development},
  author = {Huang, X. M. and Wang, W. C. and Fu, H. H. and Yang, G. W. and Wang, B. and Zhang, C.},
  month = jan,
  year = {2014},
  pages = {93--103},
  file = {gmd-7-93-2014.pdf:/home/pq/.mozilla/firefox/7yatqkvb.default/zotero/storage/2WNBHEBZ/gmd-7-93-2014.pdf:application/pdf}
}

@inproceedings{yin_robot:_2013-1,
  title = {Robot: An Efficient Model for Big Data Storage Systems Based on Erasure Coding},
  shorttitle = {Robot},
  timestamp = {2016-12-21T13:47:14Z},
  urldate = {2016-12-21},
  url = {http://ieeexplore.ieee.org/xpls/abs_all.jsp?arnumber=6691569},
  booktitle = {Big {{Data}}, 2013 {{IEEE International Conference}} on},
  publisher = {{IEEE}},
  author = {Yin, Chao and Wang, Jianzong and Xie, Changsheng and Wan, Jiguang and Long, Changlin and Bi, Wenjuan},
  year = {2013},
  pages = {163--168},
  file = {06691569.pdf:/home/pq/.mozilla/firefox/7yatqkvb.default/zotero/storage/46SPB76R/06691569.pdf:application/pdf}
}

@inproceedings{soumagne:hal-00652816,
  TITLE = {{Computational Steering and Parallel Online Monitoring Using RMA through the HDF5 DSM Virtual File Driver}},
  AUTHOR = {Soumagne, J{\'e}rome and Biddiscombe, John},
  URL = {https://hal.archives-ouvertes.fr/hal-00652816},
  BOOKTITLE = {{Proceedings of the International Conference on Computational Science, ICCS 2011}},
  ADDRESS = {Singapore},
  VOLUME = {4},
  PAGES = {479--488},
  YEAR = {2011},
  MONTH = Jun,
  DOI = {10.1016/j.procs.2011.04.050},
  HAL_ID = {hal-00652816},
  HAL_VERSION = {v1},
}

@article{Liu:2014:HAC:2768261.2768267,
 author = {Liu, Qing and Logan, Jeremy and Tian, Yuan and Abbasi, Hasan and Podhorszki, Norbert and Choi, Jong Youl and Klasky, Scott and Tchoua, Roselyne and Lofstead, Jay and Oldfield, Ron and Parashar, Manish and Samatova, Nagiza and Schwan, Karsten and Shoshani, Arie and Wolf, Matthew and Wu, Kesheng and Yu, Weikuan},
 title = {Hello ADIOS: The Challenges and Lessons of Developing Leadership Class I/O Frameworks},
 journal = {Concurr. Comput. : Pract. Exper.},
 issue_date = {May 2014},
 volume = {26},
 number = {7},
 month = may,
 year = {2014},
 issn = {1532-0626},
 pages = {1453--1473},
 numpages = {21},
 url = {http://dx.doi.org/10.1002/cpe.3125},
 doi = {10.1002/cpe.3125},
 acmid = {2768267},
 publisher = {John Wiley and Sons Ltd.},
 address = {Chichester, UK},
 keywords = {I/O middleware, high performance I/O, high performance computing},
}

@misc{p._sanders_i/o-efficient_2007,
  title = {I/{{O}}-{{Efficient Algorithms}} and {{Data Structures}}},
  timestamp = {2017-01-03T12:00:17Z},
  author = {{P. Sanders} and {R. Dementiev}},
  year = {2007},
  file = {2013-Cluster2013-SDS.pdf:/home/pq/.mozilla/firefox/7yatqkvb.default/zotero/storage/JAHC769D/2013-Cluster2013-SDS.pdf:application/pdf}
}

@article{wang_development_2015,
  title = {Development of a {{Burst Buffer System}} for {{Data}}-{{Intensive Applications}}},
  timestamp = {2016-12-21T13:52:04Z},
  urldate = {2016-12-21},
  url = {http://arxiv.org/abs/1505.01765},
  journal = {arXiv preprint arXiv:1505.01765},
  author = {Wang, Teng and Oral, Sarp and Pritchard, Michael and Vasko, Kevin and Yu, Weikuan},
  year = {2015},
  file = {wang-15-burst-buffer.pdf:/home/pq/.mozilla/firefox/7yatqkvb.default/zotero/storage/XQFNTJ83/wang-15-burst-buffer.pdf:application/pdf}
}

@misc{wmo_guide_2003,
  title = {Guide to the {{WMO Table Driven Code Form Used}} for the {{Representation}} and {{Exchange}} of {{Regularly Spaced Data In Binary Form}}: {{FM}} 92 {{GRIB Edition}} 2},
  timestamp = {2017-01-04T11:43:00Z},
  urldate = {2017-01-03},
  url = {http://www.wmo.int/pages/prog/www/WMOCodes/Guides/GRIB/GRIB2_062006.pdf},
  author = {{WMO}},
  year = {2003},
  keywords = {GRIB},
  file = {GRIB2_062006.pdf:/home/pq/.mozilla/firefox/7yatqkvb.default/zotero/storage/AXPW5GUF/GRIB2_062006.pdf:application/pdf}
}

@misc{hdfgroup_future_2015,
  title = {Future Enhancements to the {{HDF5}} Library},
  timestamp = {2017-01-04T11:42:28Z},
  author = {{HDFGroup}},
  year = {2015},
  file = {Future enhancements to the HDF5 library.pptx.pdf:/home/pq/.mozilla/firefox/7yatqkvb.default/zotero/storage/T2PT4TCK/Future enhancements to the HDF5 library.pptx.pdf:application/pdf}
}

@misc{wmo_world_????,
  title = {World {{Meteorological Organisation}}},
  timestamp = {2017-01-03T15:50:21Z},
  urldate = {2017-01-03},
  url = {http://www.wmo.int/pages/index_en.html},
  author = {{WMO}},
  file = {World Meteorological Organization Extranet | www.wmo.int:/home/pq/.mozilla/firefox/7yatqkvb.default/zotero/storage/BHAIW44W/index_en.html:text/html}
}

@misc{sage,
  title = {Percipient Storage for Exascale Data Centric Computing},
  timestamp = {2017-01-10T09:01:44},
  urldate = {2017-01-10},
  url = {http://sagestorage.eu},
  author = {{Seagate}},
  file = {}
}

@misc{sage-wp,
  title = {Data Storage for Extreme Scale},
  url = {http://sagestorage.eu/sites/default/files/Sage%20White%20Paper%20v1.0.pdf},
  author = {Sage Consortium}
}

@misc{exahdf5,
  title = {ExaHDF5},
  url = {https://sdm.lbl.gov/exahdf5/},
  author = {{HDFGroup}}
}

@misc{netcdf,
  title = {The Network Common Data Format Library},
  url = {http://www.unidata.ucar.edu/software/netcdf/},
  author = {{Unidata}}
}

@misc{grib,
  title = {Gridded Binary Format},
  url = {https://www.wmo.int/pages/prog/www/WDM/Guides/Guide-binary-2.html},
  author = {{WMO}}
}

@misc{hdf5,
  title = {Hierarchical Data Format Library},
  url = {https://support.hdfgroup.org/HDF5/},
  author = {{HDFGroup}}
}

@misc{deep-er,
  title = {Dynamic Exascale Entry Platform - Extended Reach},
  url = {http://www.deep-er.eu/},
  author = {{DEEP-ER Consortium}}
}

@article{oneil_log-structured_1996,
  title = {The Log-Structured Merge-Tree ({{LSM}}-Tree)},
  volume = {33},
  timestamp = {2016-07-26T14:21:24Z},
  number = {4},
  urldate = {2016-07-26},
  url = {http://link.springer.com/article/10.1007/s002360050048},
  journal = {Acta Informatica},
  author = {O'Neil, Patrick and Cheng, Edward and Gawlick, Dieter and O'Neil, Elizabeth},
  year = {1996},
  pages = {351--385},
  file = {10.1.1.44.2782_log-structured-merge-tree.pdf:/home/pq/.mozilla/firefox/7yatqkvb.default/zotero/storage/74TZQTBX/10.1.1.44.2782_log-structured-merge-tree.pdf:application/pdf}
}

@comment{jabref-meta: groupsversion:3;}
@comment{jabref-meta: groupstree:
0 AllEntriesGroup:;
1 ExplicitGroup:Task 2 LFS\;0\;oneil_log-structured_1996\;;
}

