
@misc{anl_training_introduction_2016,
  title = {An {{Introduction}} to {{Parallel Supercomputing}} | {{Pete Beckman}}, {{Argonne National Laboratory}}},
  abstract = {Presented at the Argonne Training Program on Extreme-Scale Computing, Summer 2016.

Slides for this presentation are available here: http://extremecomputingtraining.anl.g...

For more information on the Argonne Training Program on Extreme-Scale Computing, visit: http://extremecomputingtraining.anl.gov/},
  timestamp = {2016-10-12T12:40:27Z},
  urldate = {2016-10-12},
  url = {https://www.youtube.com/watch?time_continue=200\&v=QZNE5mw72JA},
  author = {{ANL Training}},
  month = aug,
  year = {2016},
  keywords = {2016 ATPESC,ALCF,ANL,Argonne Leadership Computing Facility,Argonne National Laboratory,Argonne Training Program on Extreme-Scale Computing,ATPESC,Department of Energy National Laboratories,DOE LCF,DOE leadership computing,exascale computing,high-performance computing,hpc,leadership-class computing,pete beckman,scientific computing,supercomputing},
  file = {Beckman_830aug1_IntroParallelComputing.pdf:/home/pq/.mozilla/firefox/7yatqkvb.default/zotero/storage/J5IQH8B7/Beckman_830aug1_IntroParallelComputing.pdf:application/pdf}
}

@techreport{ipcc_ipcc_2010,
  title = {{{IPCC Fourth Assessment Report}}},
  timestamp = {2017-06-16T09:28:44Z},
  urldate = {2016-10-14},
  url = {http://www.ipcc.ch/report/ar4/},
  institution = {Intergovernmental Panel on Climate Change},
  author = {{IPCC}},
  year = {2010},
  file = {IPCC Fourth Assessment Report:/home/pq/.mozilla/firefox/7yatqkvb.default/zotero/storage/FUIDXFNZ/ar4.html:text/html;IPCC Fourth Assessment Report:/home/pq/.mozilla/firefox/7yatqkvb.default/zotero/storage/JVNSU4D4/ar4.html:text/html}
}

@techreport{ipcc_ipcc_2013,
  title = {{{IPCC Fifth Assessment Report}}},
  timestamp = {2017-06-16T09:28:49Z},
  urldate = {2016-10-14},
  url = {http://www.ipcc.ch/report/ar5/},
  institution = {Intergovernmental Panel on Climate Change},
  author = {{IPCC}},
  year = {2013},
  file = {IPCC Fifth Assessment Report:/home/pq/.mozilla/firefox/7yatqkvb.default/zotero/storage/93CRKDAU/ar5.html:text/html;IPCC Fifth Assessment Report:/home/pq/.mozilla/firefox/7yatqkvb.default/zotero/storage/JZTPNZCI/ar5.html:text/html}
}

@inproceedings{howison_tuning_2012,
  title = {Tuning Hdf5 for Lustre File Systems},
  timestamp = {2017-06-16T09:28:50Z},
  urldate = {2016-10-14},
  url = {https://escholarship.org/uc/item/46r9d86r.pdf},
  booktitle = {Workshop on {{Interfaces}} and {{Abstractions}} for {{Scientific Data Storage}} ({{IASDS10}}),, {{Heraklion}}, {{Crete}}, {{Greece}}, {{September}} 24, 2010},
  author = {Howison, Mark},
  year = {2012},
  file = {howison_hdf5_lustre_iasds2010.pdf:/home/pq/.mozilla/firefox/7yatqkvb.default/zotero/storage/FVSA3XDU/howison_hdf5_lustre_iasds2010.pdf:application/pdf;Howison_2012_Tuning hdf5 for Lustre File Systems.pdf:/home/pq/.mozilla/firefox/7yatqkvb.default/zotero/storage/QH4T673M/Howison_2012_Tuning hdf5 for Lustre File Systems.pdf:application/pdf;howison_hdf5_lustre_iasds2010.pdf:/home/pq/.mozilla/firefox/7yatqkvb.default/zotero/storage/3DE2SSVV/howison_hdf5_lustre_iasds2010.html:text/html;howison_hdf5_lustre_iasds2010.pdf:/home/pq/.mozilla/firefox/7yatqkvb.default/zotero/storage/TWZ8WQ38/howison_hdf5_lustre_iasds2010.html:text/html}
}

@misc{intel_fast_2014,
  title = {Fast {{Forward Storage}} and {{I}}/{{O}} - {{Final Report}}},
  timestamp = {2016-10-31T10:25:05Z},
  author = {{Intel} and {The HDF Group} and {EMC} and {Cray}},
  month = jun,
  year = {2014},
  file = {M8.5 FF-Storage Final Report v3.pdf:/home/pq/.mozilla/firefox/7yatqkvb.default/zotero/storage/A5Q57QMG/M8.5 FF-Storage Final Report v3.pdf:application/pdf}
}

@article{prabhat_exahdf5:_????-1,
  title = {{{ExaHDF5}}: {{An I}}/{{O Platform}} for {{Exascale Data Models}}, {{Analysis}} and {{Performance}}},
  shorttitle = {{{ExaHDF5}}},
  timestamp = {2017-06-16T09:34:19Z},
  urldate = {2016-12-21},
  url = {http://crd.lbl.gov/assets/pubs_presos/Prabhat.pdf},
  journal = {SciDAC 2011},
  author = {Prabhat, Quincey Koziol and Schuchardt, Karen and Bethel, E. Wes and Chuo, Jerry and Howison, Mark and McGreevy, Mike and Palmer, Bruce and Ruebel, Oliver and Wu, Kesheng},
  file = {Prabhat et al_ExaHDF5.pdf:/home/pq/.mozilla/firefox/7yatqkvb.default/zotero/storage/JZ7RWHRF/Prabhat et al_ExaHDF5.pdf:application/pdf;Prabhat.pdf:/home/pq/.mozilla/firefox/7yatqkvb.default/zotero/storage/VCJSIIFI/Prabhat.pdf:application/pdf}
}

@misc{wmo_guide_2003,
  title = {Guide to the {{WMO Table Driven Code Form Used}} for the {{Representation}} and {{Exchange}} of {{Regularly Spaced Data In Binary Form}}: {{FM}} 92 {{GRIB Edition}} 2},
  timestamp = {2017-01-04T11:43:00Z},
  urldate = {2017-01-03},
  url = {http://www.wmo.int/pages/prog/www/WMOCodes/Guides/GRIB/GRIB2_062006.pdf},
  author = {{WMO}},
  year = {2003},
  keywords = {GRIB},
  file = {GRIB2_062006.pdf:/home/pq/.mozilla/firefox/7yatqkvb.default/zotero/storage/AXPW5GUF/GRIB2_062006.pdf:application/pdf}
}

@misc{hdfgroup_future_2015,
  title = {Future Enhancements to the {{HDF5}} Library},
  timestamp = {2017-01-04T11:42:28Z},
  author = {{HDFGroup}},
  year = {2015},
  file = {Future enhancements to the HDF5 library.pptx.pdf:/home/pq/.mozilla/firefox/7yatqkvb.default/zotero/storage/T2PT4TCK/Future enhancements to the HDF5 library.pptx.pdf:application/pdf}
}

@misc{_kite:_????,
  title = {Kite: {{A Data API}} for {{Hadoop}}},
  timestamp = {2017-01-11T17:33:56Z},
  urldate = {2017-01-11},
  url = {http://kitesdk.org/docs/current/},
  file = {Kite\: A Data API for Hadoop:/home/pq/.mozilla/firefox/7yatqkvb.default/zotero/storage/GTXQ6CIZ/current.html:text/html}
}

@misc{_alluxio_????,
  title = {Alluxio - {{Documentation}}: {{Overview}}},
  timestamp = {2017-06-06T08:37:01Z},
  urldate = {2017-01-19},
  url = {https://www.alluxio.com/docs/community/1.3/en/},
  journal = {Alluxio},
  file = {Snapshot:/home/pq/.mozilla/firefox/7yatqkvb.default/zotero/storage/3RPBT9QZ/en.html:text/html}
}

@misc{_apache_????,
  title = {Apache {{Drill}} - {{Schema}}-Free {{SQL}} for {{Hadoop}}, {{NoSQL}} and {{Cloud Storage}}},
  timestamp = {2017-01-19T14:01:25Z},
  urldate = {2017-01-19},
  url = {https://drill.apache.org/},
  file = {Apache Drill - Schema-free SQL for Hadoop, NoSQL and Cloud Storage:/home/pq/.mozilla/firefox/7yatqkvb.default/zotero/storage/X3CJUM9H/drill.apache.org.html:text/html}
}

@article{oeste_exploring_????,
  title = {Exploring {{Opportunities}} for {{Job}}-Temporal {{File Systems}} with {{ADA}}-{{FS}}},
  timestamp = {2017-03-13T10:35:30Z},
  urldate = {2017-03-13},
  url = {http://www.pdsw.org/pdsw-discs16/wips/oeste-wip-pdsw-discs16.pdf},
  author = {Oeste, Sebastian and Kluge, Michael and Soysal, Mehmet and Streit, Achim and Vef, Marc-Andr{\'e} and Brinkmann, Andr{\'e}},
  file = {oeste-wip-pdsw-discs16.pdf:/home/pq/.mozilla/firefox/7yatqkvb.default/zotero/storage/857RBXNW/oeste-wip-pdsw-discs16.pdf:application/pdf}
}

@misc{_qcon_2017,
  title = {{{QCon}} 2017 {{Slides}}: {{The Power}} of the {{Log}}},
  shorttitle = {{{QCon}} 2017 {{Slides}}},
  abstract = {The Power of the Log from Ben Stopford ~ This talk is about the beauty of sequential access and append only data structures. We'll do this in the context of a little known paper entitled ``Log Structured Merge Trees''. LSM describes a surprisingly counterintuitive approach to storing and accessing data in a sequential fashion. It \ldots{}},
  timestamp = {2017-03-14T15:11:40Z},
  urldate = {2017-03-14},
  url = {http://www.benstopford.com/2017/03/08/qcon-2017-slides-power-log/},
  journal = {ben stopford},
  year = {2017-03-08T23:46:13+00:00},
  file = {Snapshot:/home/pq/.mozilla/firefox/7yatqkvb.default/zotero/storage/NM5R6RR3/qcon-2017-slides-power-log.html:text/html}
}

@misc{_bloom_2017,
  title = {Bloom Filter},
  copyright = {Creative Commons Attribution-ShareAlike License},
  abstract = {A Bloom filter is a space-efficient probabilistic data structure, conceived by Burton Howard Bloom in 1970, that is used to test whether an element is a member of a set. False positive matches are possible, but false negatives are not. In other words, a query returns either "possibly in set" or "definitely not in set". Elements can be added to the set, but not removed (though this can be addressed with a "counting" filter). The more elements that are added to the set, the larger the probability of false positives.
Bloom proposed the technique for applications where the amount of source data would require an impractically large amount of memory if "conventional" error-free hashing techniques were applied. He gave the example of a hyphenation algorithm for a dictionary of 500,000 words, out of which 90\% follow simple hyphenation rules, but the remaining 10\% require expensive disk accesses to retrieve specific hyphenation patterns. With sufficient core memory, an error-free hash could be used to eliminate all unnecessary disk accesses; on the other hand, with limited core memory, Bloom's technique uses a smaller hash area but still eliminates most unnecessary accesses. For example, a hash area only 15\% of the size needed by an ideal error-free hash still eliminates 85\% of the disk accesses, an 85\textendash{}15 form of the Pareto principle.
More generally, fewer than 10 bits per element are required for a 1\% false positive probability, independent of the size or number of elements in the set.},
  language = {en},
  timestamp = {2017-03-14T15:12:15Z},
  urldate = {2017-03-14},
  url = {https://en.wikipedia.org/w/index.php?title=Bloom_filter\&oldid=768523420},
  journal = {Wikipedia},
  month = mar,
  year = {2017},
  note = {Page Version ID: 768523420},
  file = {Snapshot:/home/pq/.mozilla/firefox/7yatqkvb.default/zotero/storage/GS42A94K/index.html:text/html}
}

@article{philippe_kruchten_architectural_1995,
  title = {Architectural Blueprints\textemdash{}{{The}} ``4+ 1'' View Model of Software Architecture},
  volume = {95},
  timestamp = {2017-05-30T13:56:40Z},
  urldate = {2017-04-10},
  url = {https://www.researchgate.net/profile/Philippe_Kruchten/publication/221444138_The_41_View_Model_of_Architectu/links/0046351a4dc4f9da04000000.pdf},
  journal = {Tutorial Proceedings of Tri-Ada},
  author = {{Philippe Kruchten}},
  year = {1995},
  pages = {540--555},
  file = {4+1view-architecture.pdf:/home/pq/.mozilla/firefox/7yatqkvb.default/zotero/storage/CK9Z25TQ/4+1view-architecture.pdf:application/pdf}
}

@article{prabhu_dame:_2017,
  title = {{{DAME}}: {{Runtime}}-Compilation for Data Movement},
  issn = {1094-3420},
  shorttitle = {{{DAME}}},
  doi = {10.1177/1094342017695444},
  abstract = {Modern machines consist of multiple compute devices and complex memory hierarchies. For many applications, it is imperative that any data movement between and within the various compute devices be done as efficiently as possible in order to obtain maximum performance. However, hand-optimizing code for one architecture will likely sacrifice both performance portability and software maintainability. In addition, some optimization decisions are best made at runtime. This suggests that the problem ought to be tackled on two fronts. First, provide the programmer with a declarative language to describe data layouts and data motion. This would allow the runtime system to be tuned for each architecture by a specialist and free the programmer to concentrate on the application itself. Second, exploit the execution time information to optimize the data movement code further. MPI derived datatypes accomplish the former task and Just In Time (JIT) compilation can be used for the latter. In this paper, we present DAME\textemdash{}a language and interpreter designed to be used as the backend for MPI derived datatypes. We also present DAME-L and DAME-X, two JIT-enabled implementations of DAME, all of which have been integrated into MPICH. We evaluate their performance on DDTBench and two mini-applications written with MPI derived datatypes and obtain communication speedups of up to 20\texttimes{} and mini-application speedups of up to 3\texttimes.},
  language = {en},
  timestamp = {2017-05-16T15:56:35Z},
  urldate = {2017-05-16},
  url = {http://dx.doi.org/10.1177/1094342017695444},
  journal = {The International Journal of High Performance Computing Applications},
  author = {Prabhu, Tarun and Gropp, William},
  month = apr,
  year = {2017},
  pages = {1094342017695444},
  file = {Prabhu_Gropp_2017_DAME.pdf:/home/pq/.mozilla/firefox/7yatqkvb.default/zotero/storage/7TVCREHM/Prabhu_Gropp_2017_DAME.pdf:application/pdf}
}

@misc{richreport_learning_????,
  title = {Learning from {{ZFS}} to {{Scale Storage}} on and under {{Containers}}},
  abstract = {In this video from the MSST 2017 Mass Storage Conference, Evan Powell presents: Learning from ZFS to Scale Storage on and under Containers.

"What is so new about the container environment that a new class of storage software is emerging to address these use cases? And can container orchestration systems themselves be part of the solution? As is often the case in storage, metadata matters here. We are implementing in the open source OpenEBS.io some approaches that are in some regards inspired by ZFS to enable much more efficient scale out block storage for containers that itself is containerized. The goal is to enable storage to be treated in many regards as just another application while, of course, also providing storage services to stateful applications in the environment."

Learn more: http://storageconference.us/

Sign up for our insideHPC Newsletter: http://insidehpc.com/newsletter},
  timestamp = {2017-05-30T13:07:30Z},
  urldate = {2017-05-30},
  url = {https://www.youtube.com/watch?v=__vzuud3bvI},
  author = {{RichReport}},
  keywords = {containers,hpc,insideHPC,MSST 2017,supercomputing,ZFS}
}

@misc{_cf_2011,
  title = {{{CF Conventions}} 1.6: {{NetCDF Climate}} and {{Forecast}} ({{CF}}) {{Metadata Conventions}}},
  timestamp = {2017-06-02T11:57:21Z},
  urldate = {2017-06-02},
  url = {http://cfconventions.org/cf-conventions/v1.6.0/cf-conventions.pdf},
  month = dec,
  year = {2011},
  file = {cf-conventions.pdf:/home/pq/.mozilla/firefox/7yatqkvb.default/zotero/storage/EN9EKUK7/cf-conventions.pdf:application/pdf}
}

@book{white2012hadoop,
  title = {Hadoop: {{The}} Definitive Guide},
  timestamp = {2017-06-16T09:26:01Z},
  publisher = {{"O'Reilly Media, Inc."}},
  author = {White, Tom},
  year = {2012}
}

@inproceedings{shvachko2010hadoop,
  title = {The {{Hadoop}} Distributed File System},
  timestamp = {2017-06-16T09:26:02Z},
  booktitle = {Mass Storage Systems and Technologies ({{MSST}}), 2010 {{IEEE}} 26th Symposium On},
  publisher = {{IEEE}},
  author = {Shvachko, Konstantin and Kuang, Hairong and Radia, Sanjay and Chansler, Robert},
  year = {2010},
  pages = {1--10}
}

@inproceedings{thusoo2010hive,
  title = {Hive-a Petabyte Scale Data Warehouse Using Hadoop},
  timestamp = {2017-06-16T09:26:02Z},
  booktitle = {Data {{Engineering}} ({{ICDE}}), 2010 {{IEEE}} 26th {{International Conference}} On},
  publisher = {{IEEE}},
  author = {Thusoo, Ashish and Sarma, Joydeep Sen and Jain, Namit and Shao, Zheng and Chakka, Prasad and Zhang, Ning and Antony, Suresh and Liu, Hao and Murthy, Raghotham},
  year = {2010},
  pages = {996--1005}
}

@inproceedings{dong_expediting_2013,
  title = {Expediting {{Scientific Data Analysis}} with {{Reorganization}} of {{Data}}},
  timestamp = {2017-06-16T09:34:27Z},
  urldate = {2016-03-07},
  url = {http://ieeexplore.ieee.org/xpls/abs_all.jsp?arnumber=6702675},
  booktitle = {Cluster {{Computing}} ({{CLUSTER}}), 2013 {{IEEE International Conference}} On},
  publisher = {{IEEE}},
  author = {Dong, Bin and Byna, Surendra and Wu, Kesheng},
  year = {2013},
  pages = {1--8},
  file = {2013-Cluster2013-SDS.pdf:/home/pq/.mozilla/firefox/7yatqkvb.default/zotero/storage/3BVPA2QN/2013-Cluster2013-SDS.pdf:application/pdf;2013-Cluster2013-SDS.pdf:/home/pq/.mozilla/firefox/7yatqkvb.default/zotero/storage/9VNVXWTC/2013-Cluster2013-SDS.pdf:application/pdf;2013-Cluster2013-SDS.pdf:/home/pq/.mozilla/firefox/7yatqkvb.default/zotero/storage/BKDSNDGW/2013-Cluster2013-SDS.pdf:application/pdf;2013-Cluster2013-SDS.pdf:/home/pq/.mozilla/firefox/7yatqkvb.default/zotero/storage/VFSJ8KJ2/2013-Cluster2013-SDS.pdf:application/pdf}
}

@inproceedings{goodell_evolutionary_2012,
  title = {An {{Evolutionary Path}} to {{Object Storage Access}}},
  timestamp = {2017-06-16T09:34:11Z},
  urldate = {2016-03-07},
  url = {http://ieeexplore.ieee.org/xpls/abs_all.jsp?arnumber=6495799},
  booktitle = {High {{Performance Computing}}, {{Networking}}, {{Storage}} and {{Analysis}} ({{SCC}}), 2012 {{SC Companion}}:},
  publisher = {{IEEE}},
  author = {Goodell, David and Kim, Seong Jo and Latham, Rob and Kandemir, Mahmut and Ross, Robert},
  year = {2012},
  pages = {36--41},
  file = {An Evolutionary Path to Object Storage Access.pdf:/home/pq/.mozilla/firefox/7yatqkvb.default/zotero/storage/25326QTG/An Evolutionary Path to Object Storage Access.pdf:application/pdf;An Evolutionary Path to Object Storage Access.pdf:/home/pq/.mozilla/firefox/7yatqkvb.default/zotero/storage/MFFG759B/An Evolutionary Path to Object Storage Access.pdf:application/pdf;An Evolutionary Path to Object Storage Access.pdf:/home/pq/.mozilla/firefox/7yatqkvb.default/zotero/storage/W9GSB5CW/An Evolutionary Path to Object Storage Access.pdf:application/pdf;An Evolutionary Path to Object Storage Access.pdf:/home/pq/.mozilla/firefox/7yatqkvb.default/zotero/storage/X3G2SCCP/An Evolutionary Path to Object Storage Access.pdf:application/pdf}
}

@inproceedings{mehta_plugin_2012,
  title = {A {{Plugin}} for {{HDF5 Using PLFS}} for {{Improved I}}/{{O Performance}} and {{Semantic Analysis}}},
  timestamp = {2017-06-16T09:34:01Z},
  urldate = {2016-03-07},
  url = {http://ieeexplore.ieee.org/xpls/abs_all.jsp?arnumber=6495884},
  booktitle = {High {{Performance Computing}}, {{Networking}}, {{Storage}} and {{Analysis}} ({{SCC}}), 2012 {{SC Companion}}:},
  publisher = {{IEEE}},
  author = {Mehta, Karan and Bent, John and Torres, Abel and Grider, Gary and Gabriel, Edgar},
  year = {2012},
  pages = {746--752},
  file = {mehta_discs12.pdf:/home/pq/.mozilla/firefox/7yatqkvb.default/zotero/storage/HG549Z25/mehta_discs12.pdf:application/pdf;mehta_discs12.pdf:/home/pq/.mozilla/firefox/7yatqkvb.default/zotero/storage/STJC4AEF/mehta_discs12.pdf:application/pdf;mehta_discs12.pdf:/home/pq/.mozilla/firefox/7yatqkvb.default/zotero/storage/X4796MSX/mehta_discs12.pdf:application/pdf;mehta_discs12.pdf:/home/pq/.mozilla/firefox/7yatqkvb.default/zotero/storage/ZQ4XGZ2M/mehta_discs12.pdf:application/pdf}
}

@inproceedings{kaur_survey_2015,
  title = {A {{Survey}} on {{Big Data Storage Strategies}}},
  timestamp = {2017-06-16T09:33:57Z},
  urldate = {2016-08-15},
  url = {http://ieeexplore.ieee.org/xpls/abs_all.jsp?arnumber=7380473},
  booktitle = {Green {{Computing}} and {{Internet}} of {{Things}} ({{ICGCIoT}}), 2015 {{International Conference}} On},
  publisher = {{IEEE}},
  author = {Kaur, Pankaj Deep and {others}},
  year = {2015},
  pages = {280--284},
  file = {07380473.pdf:/home/pq/.mozilla/firefox/7yatqkvb.default/zotero/storage/4JPM29DT/07380473.pdf:application/pdf;07380473.pdf:/home/pq/.mozilla/firefox/7yatqkvb.default/zotero/storage/63U638D4/07380473.pdf:application/pdf;07380473.pdf:/home/pq/.mozilla/firefox/7yatqkvb.default/zotero/storage/HPQWHFAS/07380473.pdf:application/pdf;07380473.pdf:/home/pq/.mozilla/firefox/7yatqkvb.default/zotero/storage/ZV8ZQP9D/07380473.pdf:application/pdf}
}

@article{overpeck_climate_2011,
  title = {Climate {{Data Challenges}} in the 21st {{Century}}},
  volume = {331},
  timestamp = {2017-06-16T09:32:44Z},
  number = {6018},
  urldate = {2016-09-01},
  url = {http://science.sciencemag.org/content/331/6018/700.short},
  journal = {science},
  author = {Overpeck, Jonathan T. and Meehl, Gerald A. and Bony, Sandrine and Easterling, David R.},
  year = {2011},
  pages = {700--702},
  file = {700.full.pdf:/home/pq/.mozilla/firefox/7yatqkvb.default/zotero/storage/4TXHHCZ5/700.full.pdf:application/pdf;700.full.pdf:/home/pq/.mozilla/firefox/7yatqkvb.default/zotero/storage/83UA86ZR/700.full.pdf:application/pdf;Overpeck et al_2011_Climate Data Challenges in the 21st Century.pdf:/home/pq/.mozilla/firefox/7yatqkvb.default/zotero/storage/DD68KC8H/Overpeck et al_2011_Climate Data Challenges in the 21st Century.pdf:application/pdf;Overpeck et al_2011_Climate Data Challenges in the 21st Century.pdf:/home/pq/.mozilla/firefox/7yatqkvb.default/zotero/storage/UC9XUKB3/Overpeck et al_2011_Climate Data Challenges in the 21st Century.pdf:application/pdf;Snapshot:/home/pq/.mozilla/firefox/7yatqkvb.default/zotero/storage/32ANRRH4/700.full.html:text/html;Snapshot:/home/pq/.mozilla/firefox/7yatqkvb.default/zotero/storage/BBUBZ67X/700.full.html:text/html}
}

@article{anl_training_introduction_2016,
  title = {An {{Introduction}} to {{Parallel Supercomputing}} | {{Pete Beckman}}, {{Argonne National Laboratory}}},
  abstract = {Presented at the Argonne Training Program on Extreme-Scale Computing, Summer 2016. Slides for this presentation are available here: http://extremecomputingtraining.anl.g... For more information on the Argonne Training Program on Extreme-Scale Computing, visit: http://extremecomputingtraining.anl.gov/},
  timestamp = {2017-06-16T09:26:04Z},
  urldate = {2016-10-12},
  url = {https://www.youtube.com/watch?time_continue=200\&v=QZNE5mw72JA},
  author = {{ANL Training}},
  month = aug,
  year = {2016},
  keywords = {2016 ATPESC,ALCF,ANL,Argonne Leadership Computing Facility,Argonne National Laboratory,Argonne Training Program on Extreme-Scale Computing,ATPESC,Department of Energy National Laboratories,DOE LCF,DOE leadership computing,exascale computing,high-performance computing,hpc,leadership-class computing,pete beckman,scientific computing,supercomputing},
  file = {ANL Training_2016_An Introduction to Parallel Supercomputing Pete Beckman, Argonne National.pdf:/home/pq/.mozilla/firefox/7yatqkvb.default/zotero/storage/F58XR4N9/ANL Training_2016_An Introduction to Parallel Supercomputing Pete Beckman, Argonne National.pdf:application/pdf}
}

@article{intel_fast_2014,
  title = {Fast {{Forward Storage}} and {{I}}/{{O}} - {{Final Report}}},
  timestamp = {2017-06-16T09:26:04Z},
  author = {{Intel} and {The HDF Group} and {EMC} and {Cray}},
  month = jun,
  year = {2014},
  file = {Intel et al_2014_Fast Forward Storage and I-O - Final Report.pdf:/home/pq/.mozilla/firefox/7yatqkvb.default/zotero/storage/K3ANP2KD/Intel et al_2014_Fast Forward Storage and I-O - Final Report.pdf:application/pdf}
}

@inproceedings{wickberg_ramdisk_2012,
  title = {The {{RAMDISK Storage Accelerator}}: {{A Method}} of {{Accelerating I}}/{{O Performance}} on {{HPC Systems Using RAMDISKs}}},
  shorttitle = {The {{RAMDISK Storage Accelerator}}},
  timestamp = {2017-06-16T09:29:46Z},
  urldate = {2016-12-21},
  url = {http://dl.acm.org/citation.cfm?id=2318922},
  booktitle = {Proceedings of the 2nd {{International Workshop}} on {{Runtime}} and {{Operating Systems}} for {{Supercomputers}}},
  publisher = {{ACM}},
  author = {Wickberg, Tim and Carothers, Christopher},
  year = {2012},
  pages = {5},
  file = {12-wickberg-ramdisks.pdf:/home/pq/.mozilla/firefox/7yatqkvb.default/zotero/storage/G9DCS782/12-wickberg-ramdisks.pdf:application/pdf;Wickberg_Carothers_2012_The RAMDISK Storage Accelerator.pdf:/home/pq/.mozilla/firefox/7yatqkvb.default/zotero/storage/ZBVDS66U/Wickberg_Carothers_2012_The RAMDISK Storage Accelerator.pdf:application/pdf}
}

@inproceedings{zaharia_resilient_2012,
  title = {Resilient {{Distributed Datasets}}: {{A Fault}}-{{Tolerant Abstraction}} for in-{{Memory Cluster Computing}}},
  shorttitle = {Resilient {{Distributed Datasets}}},
  timestamp = {2017-06-16T09:30:17Z},
  urldate = {2016-12-21},
  url = {http://dl.acm.org/citation.cfm?id=2228301},
  booktitle = {Proceedings of the 9th {{USENIX Conference}} on {{Networked Systems Design}} and {{Implementation}}},
  publisher = {{USENIX Association}},
  author = {Zaharia, Matei and Chowdhury, Mosharaf and Das, Tathagata and Dave, Ankur and Ma, Justin and McCauley, Murphy and Franklin, Michael J. and Shenker, Scott and Stoica, Ion},
  year = {2012},
  pages = {2--2},
  file = {12-zaharia-rrds.pdf:/home/pq/.mozilla/firefox/7yatqkvb.default/zotero/storage/M9J4APJ7/12-zaharia-rrds.pdf:application/pdf;Zaharia et al_2012_Resilient Distributed Datasets.pdf:/home/pq/.mozilla/firefox/7yatqkvb.default/zotero/storage/X4GH2T59/Zaharia et al_2012_Resilient Distributed Datasets.pdf:application/pdf}
}

@inproceedings{wang_burstmem:_2014,
  title = {{{BurstMem}}: {{A High}}-{{Performance Burst Buffer System}} for {{Scientific Applications}}},
  shorttitle = {{{BurstMem}}},
  timestamp = {2017-06-16T09:33:43Z},
  urldate = {2016-12-21},
  url = {http://ieeexplore.ieee.org/xpls/abs_all.jsp?arnumber=7004215},
  booktitle = {Big {{Data}} ({{Big Data}}), 2014 {{IEEE International Conference}} On},
  publisher = {{IEEE}},
  author = {Wang, Teng and Oral, Sarp and Wang, Yandong and Settlemyer, Brad and Atchley, Scott and Yu, Weikuan},
  year = {2014},
  pages = {71--79},
  file = {14-yu-burst-mem.pdf:/home/pq/.mozilla/firefox/7yatqkvb.default/zotero/storage/48I7NXX9/14-yu-burst-mem.pdf:application/pdf;Wang et al_2014_BurstMem.pdf:/home/pq/.mozilla/firefox/7yatqkvb.default/zotero/storage/Z3SV2Z8D/Wang et al_2014_BurstMem.pdf:application/pdf}
}

@article{zhang_-memory_2015,
  title = {In-{{Memory Big Data Management}} and {{Processing}}: {{A Survey}}},
  volume = {27},
  issn = {1041-4347},
  shorttitle = {In-{{Memory Big Data Management}} and {{Processing}}},
  doi = {10.1109/TKDE.2015.2427795},
  timestamp = {2017-06-16T09:35:15Z},
  number = {7},
  urldate = {2016-12-21},
  url = {http://ieeexplore.ieee.org/document/7097722/},
  journal = {IEEE Transactions on Knowledge and Data Engineering},
  author = {Zhang, Hao and Chen, Gang and Ooi, Beng Chin and Tan, Kian-Lee and Zhang, Meihui},
  month = jul,
  year = {2015},
  pages = {1920--1948},
  file = {Zhang et al_2015_In-Memory Big Data Management and Processing.pdf:/home/pq/.mozilla/firefox/7yatqkvb.default/zotero/storage/FIMRUZGH/Zhang et al_2015_In-Memory Big Data Management and Processing.pdf:application/pdf;15-in-memory-storage.pdf:/home/pq/.mozilla/firefox/7yatqkvb.default/zotero/storage/I2EWQBSQ/15-in-memory-storage.pdf:application/pdf}
}

@article{romanus_challenges_2015,
  title = {Challenges and {{Considerations}} for {{Utilizing Burst Buffers}} in {{High}}-{{Performance Computing}}},
  timestamp = {2017-06-16T09:32:39Z},
  urldate = {2016-12-21},
  url = {http://arxiv.org/abs/1509.05492},
  journal = {arXiv preprint arXiv:1509.05492},
  author = {Romanus, Melissa and Parashar, Manish and Ross, Robert B.},
  year = {2015},
  file = {15-romanus-challenges-burst-buffers.pdf:/home/pq/.mozilla/firefox/7yatqkvb.default/zotero/storage/QA3IVVRH/15-romanus-challenges-burst-buffers.pdf:application/pdf;Romanus et al_2015_Challenges and Considerations for Utilizing Burst Buffers in High-Performance.pdf:/home/pq/.mozilla/firefox/7yatqkvb.default/zotero/storage/U7SBR4T4/Romanus et al_2015_Challenges and Considerations for Utilizing Burst Buffers in High-Performance.pdf:application/pdf}
}

@article{thapaliya_bballoc:_????,
  title = {{{BBAlloc}}: {{Towards Allocation Based Management}} of {{Burst Buffer Systems}}},
  shorttitle = {{{BBAlloc}}},
  timestamp = {2017-06-16T09:32:20Z},
  urldate = {2016-12-21},
  url = {http://www.pdsw.org/pdsw15/wips/wip-thapaliya.pdf},
  author = {Thapaliya, Sagar and Bangalore, Purushotham and Lofstead, Jay and Mohror, Kathryn and Moody, Adam},
  file = {15-thapaliya-wip-managing-burst-buffers.pdf:/home/pq/.mozilla/firefox/7yatqkvb.default/zotero/storage/2GUA96IA/15-thapaliya-wip-managing-burst-buffers.pdf:application/pdf;Thapaliya et al_BBAlloc.pdf:/home/pq/.mozilla/firefox/7yatqkvb.default/zotero/storage/HHMT7DD4/Thapaliya et al_BBAlloc.pdf:application/pdf}
}

@inproceedings{wang_burstfs:_2015,
  title = {{{BurstFS}}: {{A Distributed Burst Buffer File System}} for {{Scientific Applications}}},
  shorttitle = {{{BurstFS}}},
  timestamp = {2017-06-16T09:32:00Z},
  urldate = {2016-12-21},
  url = {http://sc15.supercomputing.org/sites/all/themes/SC15images/tech_poster/poster_files/post244s2-file3.pdf},
  booktitle = {The {{International Conference}} for {{High Performance Computing}}, {{Networking}}, {{Storage}} and {{Analysis}} ({{SC}})},
  author = {Wang, Teng and Mohror, Kathryn and Moody, Adam and Yu, Weikuan and Sato, Kento},
  year = {2015},
  file = {15-wang-burst-fs.pdf:/home/pq/.mozilla/firefox/7yatqkvb.default/zotero/storage/7DVKFSFK/15-wang-burst-fs.pdf:application/pdf;Wang et al_2015_BurstFS.pdf:/home/pq/.mozilla/firefox/7yatqkvb.default/zotero/storage/FG89AI8V/Wang et al_2015_BurstFS.pdf:application/pdf}
}

@article{sapegin_evaluation_2016,
  title = {Evaluation of In-{{Memory Storage Engine}} for {{Machine Learning Analysis}} of {{Security Events}}: {{EVALUATION OF IN}}-{{MEMORY STORAGE ENGINE FOR MACHINE SECURITY ANALYTICS}}},
  issn = {15320626},
  shorttitle = {Evaluation of In-{{Memory Storage Engine}} for {{Machine Learning Analysis}} of {{Security Events}}},
  doi = {10.1002/cpe.3800},
  language = {en},
  timestamp = {2017-06-16T09:35:51Z},
  urldate = {2016-12-21},
  url = {http://doi.wiley.com/10.1002/cpe.3800},
  journal = {Concurrency and Computation: Practice and Experience},
  author = {Sapegin, Andrey and Gawron, Marian and Jaeger, David and Cheng, Feng and Meinel, Christoph},
  year = {2016},
  pages = {n/a--n/a},
  file = {Sapegin et al_2016_Evaluation of in-Memory Storage Engine for Machine Learning Analysis of.pdf:/home/pq/.mozilla/firefox/7yatqkvb.default/zotero/storage/5XQ9M87C/Sapegin et al_2016_Evaluation of in-Memory Storage Engine for Machine Learning Analysis of.pdf:application/pdf;16-in-memory-storage-machine-learning.pdf:/home/pq/.mozilla/firefox/7yatqkvb.default/zotero/storage/MTF3QHC2/16-in-memory-storage-machine-learning.pdf:application/pdf}
}

@inproceedings{dong_sds:_2013,
  title = {{{SDS}}: {{A Framework}} for {{Scientific Data Services}}},
  isbn = {978-1-4503-2505-9},
  shorttitle = {{{SDS}}},
  doi = {10.1145/2538542.2538563},
  language = {en},
  timestamp = {2017-06-16T09:30:09Z},
  urldate = {2016-12-21},
  url = {http://dl.acm.org/citation.cfm?doid=2538542.2538563},
  publisher = {{ACM Press}},
  author = {Dong, Bin and Byna, Surendra and Wu, Kesheng},
  year = {2013},
  pages = {27--32},
  file = {2013-PDSW2013-SDS.pdf:/home/pq/.mozilla/firefox/7yatqkvb.default/zotero/storage/D3ENNPDR/2013-PDSW2013-SDS.pdf:application/pdf;Dong et al_2013_SDS.pdf:/home/pq/.mozilla/firefox/7yatqkvb.default/zotero/storage/QR73KASP/Dong et al_2013_SDS.pdf:application/pdf;2013-PDSW2013-SDS.pdf:/home/pq/.mozilla/firefox/7yatqkvb.default/zotero/storage/QR9H2NNE/2013-PDSW2013-SDS.pdf:application/pdf}
}

@inproceedings{Bent:2009:PCF:1654059.1654081,
  address = {Portland, Oregon},
  series = {SC '09'},
  title = {{{PLFS}}: {{A Checkpoint Filesystem}} for {{Parallel Applications}}},
  isbn = {978-1-60558-744-8},
  doi = {10.1145/1654059.1654081},
  timestamp = {2017-06-16T09:26:21Z},
  url = {http://doi.acm.org/10.1145/1654059.1654081},
  booktitle = {Proceedings of the {{Conference}} on {{High Performance Computing Networking}}, {{Storage}} and {{Analysis}}},
  publisher = {{ACM}},
  author = {Bent, John and Gibson, Garth and Grider, Gary and McClelland, Ben and Nowoczynski, Paul and Nunez, James and Polte, Milo and Wingate, Meghan},
  year = {2009},
  keywords = {check-pointing,high performance computing,parallel computing,parallel file systems and IO},
  pages = {21:1--21:12},
  articleno = {21},
  numpages = {12},
  acmid = {1654081}
}

@inproceedings{Moody:2010:DME:1884643.1884666,
  address = {Washington, DC, USA},
  series = {SC '10'},
  title = {Design, {{Modeling}}, and {{Evaluation}} of a {{Scalable Multi}}-Level {{Checkpointing System}}},
  isbn = {978-1-4244-7559-9},
  doi = {10.1109/SC.2010.18},
  timestamp = {2017-06-16T09:26:21Z},
  url = {https://doi.org/10.1109/SC.2010.18},
  booktitle = {Proceedings of the 2010 {{ACM}}/{{IEEE International Conference}} for {{High Performance Computing}}, {{Networking}}, {{Storage}} and {{Analysis}}},
  publisher = {{IEEE Computer Society}},
  author = {Moody, Adam and Bronevetsky, Greg and Mohror, Kathryn and de Supinski, Bronis R.},
  year = {2010},
  pages = {1--11},
  numpages = {11},
  acmid = {1884666}
}

@article{koziol_technical_????,
  title = {Technical {{Highlights}} from the {{ExaHDF5 Project}}},
  timestamp = {2017-06-16T09:30:05Z},
  urldate = {2016-12-21},
  url = {https://publications.lbl.gov/islandora/object/ir\%3A158399/datastream/PDF/download/citation.pdf},
  author = {Koziol, Quincey and Schuchardt, Karen},
  file = {Koziol_Schuchardt_Technical Highlights from the ExaHDF5 Project.pdf:/home/pq/.mozilla/firefox/7yatqkvb.default/zotero/storage/39A7PCUW/Koziol_Schuchardt_Technical Highlights from the ExaHDF5 Project.pdf:application/pdf;Microsoft Word - ExaHDF5-2012.doc - http_www.osti.gov_scitech_servlets_purl_1196785_.pdf:/home/pq/.mozilla/firefox/7yatqkvb.default/zotero/storage/M562NTHJ/Microsoft Word - ExaHDF5-2012.doc - http_www.osti.gov_scitech_servlets_purl_1196785_.pdf:application/pdf}
}

@inproceedings{sato_user-level_2014,
  title = {A {{User}}-{{Level InfiniBand}}-{{Based File System}} and {{Checkpoint Strategy}} for {{Burst Buffers}}},
  isbn = {978-1-4799-2784-5},
  doi = {10.1109/CCGrid.2014.24},
  timestamp = {2017-06-16T09:33:50Z},
  urldate = {2016-12-21},
  url = {http://ieeexplore.ieee.org/document/6846437/},
  publisher = {{IEEE}},
  author = {Sato, Kento and Mohror, Kathryn and Moody, Adam and Gamblin, Todd and {de Supinski}, Bronis R. and Maruyama, Naoya and Matsuoka, Satoshi},
  month = may,
  year = {2014},
  pages = {21--30},
  file = {satoh14-user-level-burst-buffers-resilience.pdf:/home/pq/.mozilla/firefox/7yatqkvb.default/zotero/storage/2AQUTH3H/satoh14-user-level-burst-buffers-resilience.pdf:application/pdf;Sato et al_2014_A User-Level InfiniBand-Based File System and Checkpoint Strategy for Burst.pdf:/home/pq/.mozilla/firefox/7yatqkvb.default/zotero/storage/SBDX8DD2/Sato et al_2014_A User-Level InfiniBand-Based File System and Checkpoint Strategy for Burst.pdf:application/pdf}
}

@article{huang_fast_2014,
  title = {A {{Fast Input}}/{{Output Library}} for {{High}}-{{Resolution Climate Models}}},
  volume = {7},
  issn = {1991-9603},
  doi = {10.5194/gmd-7-93-2014},
  language = {en},
  timestamp = {2017-06-16T09:33:16Z},
  number = {1},
  urldate = {2016-12-21},
  url = {http://www.geosci-model-dev.net/7/93/2014/},
  journal = {Geoscientific Model Development},
  author = {Huang, X. M. and Wang, W. C. and Fu, H. H. and Yang, G. W. and Wang, B. and Zhang, C.},
  month = jan,
  year = {2014},
  pages = {93--103},
  file = {gmd-7-93-2014.pdf:/home/pq/.mozilla/firefox/7yatqkvb.default/zotero/storage/2WNBHEBZ/gmd-7-93-2014.pdf:application/pdf;Huang et al_2014_A Fast Input-Output Library for High-Resolution Climate Models.pdf:/home/pq/.mozilla/firefox/7yatqkvb.default/zotero/storage/TPRWJJBV/Huang et al_2014_A Fast Input-Output Library for High-Resolution Climate Models.pdf:application/pdf}
}

@inproceedings{yin_robot:_2013-1,
  title = {Robot: {{An Efficient Model}} for {{Big Data Storage Systems Based}} on {{Erasure Coding}}},
  shorttitle = {Robot},
  timestamp = {2017-06-16T09:30:13Z},
  urldate = {2016-12-21},
  url = {http://ieeexplore.ieee.org/xpls/abs_all.jsp?arnumber=6691569},
  booktitle = {Big {{Data}}, 2013 {{IEEE International Conference}} On},
  publisher = {{IEEE}},
  author = {Yin, Chao and Wang, Jianzong and Xie, Changsheng and Wan, Jiguang and Long, Changlin and Bi, Wenjuan},
  year = {2013},
  pages = {163--168},
  file = {06691569.pdf:/home/pq/.mozilla/firefox/7yatqkvb.default/zotero/storage/46SPB76R/06691569.pdf:application/pdf;Yin et al_2013_Robot.pdf:/home/pq/.mozilla/firefox/7yatqkvb.default/zotero/storage/4SS5P6JC/Yin et al_2013_Robot.pdf:application/pdf;06691569.pdf:/home/pq/.mozilla/firefox/7yatqkvb.default/zotero/storage/CW8WKCB2/06691569.pdf:application/pdf}
}

@inproceedings{soumagne:hal-00652816,
  address = {Singapore},
  title = {Computational {{Steering}} and {{Parallel Online Monitoring Using RMA}} through the {{HDF5 DSM Virtual File Driver}}},
  volume = {4},
  doi = {10.1016/j.procs.2011.04.050},
  timestamp = {2017-06-16T09:26:22Z},
  url = {https://hal.archives-ouvertes.fr/hal-00652816},
  booktitle = {Proceedings of the {{International Conference}} on {{Computational Science}}, {{ICCS}} 2011},
  author = {Soumagne, J{\'e}rome and Biddiscombe, John},
  month = jun,
  year = {2011},
  pages = {479--488},
  hal_id = {hal-00652816},
  hal_version = {v1}
}

@article{Liu:2014:HAC:2768261.2768267,
  title = {Hello {{ADIOS}}: {{The Challenges}} and {{Lessons}} of {{Developing Leadership Class I}}/{{O Frameworks}}},
  volume = {26},
  issn = {1532-0626},
  doi = {10.1002/cpe.3125},
  timestamp = {2017-06-16T09:26:22Z},
  number = {7},
  url = {http://dx.doi.org/10.1002/cpe.3125},
  journal = {Concurr. Comput. : Pract. Exper.},
  author = {Liu, Qing and Logan, Jeremy and Tian, Yuan and Abbasi, Hasan and Podhorszki, Norbert and Choi, Jong Youl and Klasky, Scott and Tchoua, Roselyne and Lofstead, Jay and Oldfield, Ron and Parashar, Manish and Samatova, Nagiza and Schwan, Karsten and Shoshani, Arie and Wolf, Matthew and Wu, Kesheng and Yu, Weikuan},
  month = may,
  year = {2014},
  keywords = {high performance computing,high performance I/O,I/O middleware},
  pages = {1453--1473},
  issue_date = {May 2014},
  numpages = {21},
  acmid = {2768267}
}

@misc{p._sanders_i/o-efficient_2007,
  title = {I/{{O}}-{{Efficient Algorithms}} and {{Data Structures}}},
  timestamp = {2017-06-16T09:36:43Z},
  author = {{P. Sanders} and {R. Dementiev}},
  year = {2007},
  file = {P. Sanders_R. Dementiev_2007_I-O-Efficient Algorithms and Data Structures.pdf:/home/pq/.mozilla/firefox/7yatqkvb.default/zotero/storage/IB75TDSF/P. Sanders_R. Dementiev_2007_I-O-Efficient Algorithms and Data Structures.pdf:application/pdf;2013-Cluster2013-SDS.pdf:/home/pq/.mozilla/firefox/7yatqkvb.default/zotero/storage/JAHC769D/2013-Cluster2013-SDS.pdf:application/pdf}
}

@article{wang_development_2015,
  title = {Development of a {{Burst Buffer System}} for {{Data}}-{{Intensive Applications}}},
  timestamp = {2017-06-16T09:32:49Z},
  urldate = {2016-12-21},
  url = {http://arxiv.org/abs/1505.01765},
  journal = {arXiv preprint arXiv:1505.01765},
  author = {Wang, Teng and Oral, Sarp and Pritchard, Michael and Vasko, Kevin and Yu, Weikuan},
  year = {2015},
  file = {Wang et al_2015_Development of a Burst Buffer System for Data-Intensive Applications.pdf:/home/pq/.mozilla/firefox/7yatqkvb.default/zotero/storage/N9UI7W7X/Wang et al_2015_Development of a Burst Buffer System for Data-Intensive Applications.pdf:application/pdf;wang-15-burst-buffer.pdf:/home/pq/.mozilla/firefox/7yatqkvb.default/zotero/storage/XQFNTJ83/wang-15-burst-buffer.pdf:application/pdf}
}

@article{wmo_guide_2003,
  title = {Guide to the {{WMO Table Driven Code Form Used}} for the {{Representation}} and {{Exchange}} of {{Regularly Spaced Data In Binary Form}}: {{FM}} 92 {{GRIB Edition}} 2},
  timestamp = {2017-06-16T09:26:42Z},
  urldate = {2017-01-03},
  url = {http://www.wmo.int/pages/prog/www/WMOCodes/Guides/GRIB/GRIB2_062006.pdf},
  author = {{WMO}},
  year = {2003},
  keywords = {GRIB},
  file = {WMO_2003_Guide to the WMO Table Driven Code Form Used for the Representation and.pdf:/home/pq/.mozilla/firefox/7yatqkvb.default/zotero/storage/GA9QSM7G/WMO_2003_Guide to the WMO Table Driven Code Form Used for the Representation and.pdf:application/pdf}
}

@article{hdfgroup_future_2015,
  title = {Future {{Enhancements}} to the {{HDF5 Library}}},
  timestamp = {2017-06-16T09:26:42Z},
  author = {{HDFGroup}},
  year = {2015},
  file = {HDFGroup_2015_Future Enhancements to the HDF5 Library.pdf:/home/pq/.mozilla/firefox/7yatqkvb.default/zotero/storage/NPC4MS73/HDFGroup_2015_Future Enhancements to the HDF5 Library.pdf:application/pdf}
}

@misc{wmo_world_1991,
  title = {World {{Meteorological Organisation}}},
  timestamp = {2017-06-16T09:39:53Z},
  urldate = {2017-01-03},
  url = {http://www.wmo.int/pages/index_en.html},
  author = {{WMO}},
  year = {1991},
  file = {World Meteorological Organization Extranet | www.wmo.int:/home/pq/.mozilla/firefox/7yatqkvb.default/zotero/storage/BHAIW44W/index_en.html:text/html;World Meteorological Organization Extranet | www.wmo.int:/home/pq/.mozilla/firefox/7yatqkvb.default/zotero/storage/W7KIP3U2/index_en.html:text/html}
}

@article{sage,
  title = {Percipient {{Storage}} for {{Exascale Data Centric Computing}}},
  timestamp = {2017-06-16T09:26:43Z},
  urldate = {2017-01-10},
  url = {http://sagestorage.eu},
  author = {{Seagate}}
}

@article{sage-wp,
  title = {Data {{Storage}} for {{Extreme Scale}}},
  timestamp = {2017-06-16T09:26:43Z},
  url = {http://sagestorage.eu/sites/default/files/Sage\%20White\%20Paper\%20v1.0.pdf},
  author = {Consortium, Sage}
}

@article{exahdf5,
  title = {{{ExaHDF5}}},
  timestamp = {2017-06-16T09:26:43Z},
  url = {https://sdm.lbl.gov/exahdf5/},
  author = {{HDFGroup}}
}

@article{netcdf,
  title = {The {{Network Common Data Format Library}}},
  timestamp = {2017-06-16T09:26:43Z},
  url = {http://www.unidata.ucar.edu/software/netcdf/},
  author = {{Unidata}}
}

@article{grib,
  title = {Gridded {{Binary Format}}},
  timestamp = {2017-06-16T09:26:43Z},
  url = {https://www.wmo.int/pages/prog/www/WDM/Guides/Guide-binary-2.html},
  author = {{WMO}}
}

@article{hdf5,
  title = {Hierarchical {{Data Format Library}}},
  timestamp = {2017-06-16T09:26:43Z},
  url = {https://support.hdfgroup.org/HDF5/},
  author = {{HDFGroup}}
}

@article{deep-er,
  title = {Dynamic {{Exascale Entry Platform}} - {{Extended Reach}}},
  timestamp = {2017-06-16T09:26:43Z},
  url = {http://www.deep-er.eu/},
  author = {{DEEP-ER Consortium}}
}

@article{oneil_log-structured_1996,
  title = {The {{Log}}-{{Structured Merge}}-{{Tree}} ({{LSM}}-{{Tree}})},
  volume = {33},
  timestamp = {2017-06-16T09:29:52Z},
  number = {4},
  urldate = {2016-07-26},
  url = {http://link.springer.com/article/10.1007/s002360050048},
  journal = {Acta Informatica},
  author = {O'Neil, Patrick and Cheng, Edward and Gawlick, Dieter and O'Neil, Elizabeth},
  year = {1996},
  pages = {351--385},
  file = {10.1.1.44.2782_log-structured-merge-tree.pdf:/home/pq/.mozilla/firefox/7yatqkvb.default/zotero/storage/74TZQTBX/10.1.1.44.2782_log-structured-merge-tree.pdf:application/pdf;O'Neil et al_1996_The Log-Structured Merge-Tree (LSM-Tree).pdf:/home/pq/.mozilla/firefox/7yatqkvb.default/zotero/storage/S4GP5UMH/O'Neil et al_1996_The Log-Structured Merge-Tree (LSM-Tree).pdf:application/pdf}
}

@inproceedings{DBLP:conf/iccS/FioreDPFWA13,
  author    = "Sandro Fiore and
               Alessandro D'Anca and
               Cosimo Palazzo and
               Ian T. Foster and
               Dean N. Williams and
               Giovanni Aloisio",
  title     = "Ophidia: Toward Big Data Analytics for eScience",
  booktitle = "Proceedings of the International Conference on Computational Science,
               {ICCS} 2013, Barcelona, Spain, 5-7 June, 2013",
  pages     = "2376--2385",
  year      = "2013",
  url       = "http://dx.doi.org/10.1016/j.procs.2013.05.409",
  doi       = "10.1016/j.procs.2013.05.409",
  series    = "Procedia Computer Science",
  volume    = "18",
  publisher = "Elsevier",
}

@inproceedings{DBLP:conf/ieeehpcs/PalazzoMFDEWA15,
  author    = {Cosimo Palazzo and
               Andrea Mariello and
               Sandro Fiore and
               Alessandro D'Anca and
               Donatello Elia and
               Dean N. Williams and
               Giovanni Aloisio},
  title     = {A workflow-enabled big data analytics software stack for escience},
  booktitle = {2015 International Conference on High Performance Computing {\&}
               Simulation, {HPCS} 2015, Amsterdam, Netherlands, July 20-24, 2015},
  pages     = {545--552},
  year      = {2015},
  url       = {https://doi.org/10.1109/HPCSim.2015.7237088},
  doi       = {10.1109/HPCSim.2015.7237088},
  timestamp = {Thu, 15 Jun 2017 21:40:37 +0200},
  biburl    = {http://dblp.uni-trier.de/rec/bib/conf/ieeehpcs/PalazzoMFDEWA15},
  bibsource = {dblp computer science bibliography, http://dblp.org}
}

@inproceedings{DBLP:conf/cd/EliaFDPFW16,
  author    = {Donatello Elia and
               Sandro Fiore and
               Alessandro D'Anca and
               Cosimo Palazzo and
               Ian T. Foster and
               Dean N. Williams and
               Giovanni Aloisio},
  title     = {An in-memory based framework for scientific data analytics},
  booktitle = {Proceedings of the {ACM} International Conference on Computing Frontiers,
               CF'16, Como, Italy, May 16-19, 2016},
  pages     = {424--429},
  year      = {2016},
  url       = {http://doi.acm.org/10.1145/2903150.2911719},
  doi       = {10.1145/2903150.2911719},
  timestamp = {Fri, 01 Jul 2016 11:35:12 +0200},
  biburl    = {http://dblp.uni-trier.de/rec/bib/conf/cd/EliaFDPFW16},
  bibsource = {dblp computer science bibliography, http://dblp.org}
}
